@ARTICLE{bowman:reasoning,
	AUTHOR = "Mic Bowman and Saumya K. Debray and Larry L. Peterson",
	TITLE = "Reasoning About Naming Systems",
	JOURNAL = "ACM Trans. Program. Lang. Syst.",
	VOLUME = {15},
	NUMBER = {5},
	PAGES = {795-825},
	MONTH = "November",
	YEAR = {1993}	}

@ARTICLE{braams:babel,
	AUTHOR = "Johannes Braams",
	TITLE = "Babel, a Multilingual Style-Option System for Use with LaTeX's Standard Document Styles",
	JOURNAL = {TUGboat},
	VOLUME = {12},
	NUMBER = {2},
	PAGES = {291-301},
	MONTH = "June",
	YEAR = {1991}	}

@INPROCEEDINGS{clark:pct,
	AUTHOR = "Malcolm Clark",
	TITLE = "Post Congress Tristesse",
	BOOKTITLE = "TeX90 Conference Proceedings",
	PAGES = "84-89",
	ORGANIZATION = "TeX Users Group",
	MONTH = "March", 
	YEAR = {1991}	}

@ARTICLE{herlihy:methodology,
	AUTHOR = "Maurice Herlihy",
	TITLE = "A Methodology for Implementing Highly Concurrent
	Data Objects",
	JOURNAL = {ACM Trans. Program. Lang. Syst.},
	VOLUME = {15},
	NUMBER = {5},
	PAGES = {745-770},
	MONTH = "November",
	YEAR = {1993}	}

@BOOK{Lamport:LaTeX,
	AUTHOR = "Leslie Lamport",
	TITLE = "LaTeX User's Guide and Document Reference Manual",
	PUBLISHER = "Addison-Wesley Publishing Company",
	ADDRESS = "Reading, Massachusetts",
	YEAR = "1986"	}

@BOOK{salas:calculus,
	AUTHOR = "S.L. Salas and Einar Hille",
	TITLE = "Calculus: One and Several Variable",
	PUBLISHER = "John Wiley and Sons",
	ADDRESS = "New York",
	YEAR = "1978"	}
@ARTICLE{Vytellingum:AA,
    AUTHOR = "P. Vytelingum",
    TITLE  = "The Structure and Behaviour of the Continuous Double Auction",
    YEAR   = "2006"
}
@ARTICLE {DC:Dominate,
    AUTHOR = "Marco De Luca and Dave Cliff",
    TITLE  = "Human-Agent Auction Interactions: Adaptive-Aggressive Agents Dominate",
    YEAR   = "2011"
}

@ARTICLE {cliff:lecture,
    AUTHOR = "Dave Cliff",
    TITLE  = "Economic Agents and Market-Based Systems",
    YEAR   = "2012"
}

@article {cliff:minimalint,
    AUTHOR = "Dave Cliff and Janet Bruten",
    TITLE  = "Minimal-Intelligence Agents for Bargaining Behaviours in Market-Based Environments",
    YEAR   = "1997"
}

@misc{wiki:wilcoxon,
   author = "Wikipedia",
   title = "Wilcoxon signed-rank test --- {W}ikipedia{,} The Free Encyclopedia",
   year = "2012",
   howpublished = {\url{https://en.wikipedia.org/wiki/Wilcoxon_signed-rank_test}},
   note = "[Online; accessed 2/12/2012]"
 }

@misc{scipy:wilcoxon,
    author = "Scipy",
    title = "scipy.stats.wilcoxon",
    howpublished = {\url{http://docs.scipy.org/doc/scipy/reference/generated/scipy.stats.wilcoxon.html}}
}
